@book{wittenbrink2005rss,
  title={RSS and Atom: Understanding and implementing content feeds and syndication},
  author={Wittenbrink, Heinz},
  year={2005},
  publisher={Packt Publishing Ltd}
}
@unpublished{CHLMV2014,
author="Camacho and Higuera and Luizaga and Mu{\~{n}}oz and Villanueva",
title="Elaboraci{\'{o}}n y Producci{\'{o}}n de Podcast para el Aprendizaje Autorregulado de la Lengua Quechua",
note="Universidad Mayor de San Sim{\'{o}}n",
year={2014}
}
@book{johnson2006rss,
  title={RSS and Atom in action: web 2.0 building blocks},
  author={Johnson, Dave},
  year={2006},
  publisher={Manning Publications Co.}
}
@book{hammersley2005developing,
  title={Developing feeds with RSS and Atom},
  author={Hammersley, Ben},
  year={2005},
  publisher={ O'Reilly Media, Inc.}
}
@book{duart2000aprender,
  title={Aprender en la virtualidad},
  author={Duart, Josep M and Sangr{\'a}, Albert and others},
  year={2000},
  publisher={Gedisa}
}
@misc{severin2013enfoques,
  title={ENFOQUES ESTRATEGICOS SOBRE LAS TICS EN EDUCACION EN AMERICA LATINA Y EL CARIBE},
  author={Severin, E},
  year={2013},
  publisher={Obtenido de http://www. unesco. org/new/fileadmin/MULTIMEDIA/FIELD/Santiago/pdf/TICS-enfoquesestrategicos-sobre-TICs-ESP. pdf}
}

@unpublished{CMNPZ2015,
author={Camacho and Mamani and Nina and Poma and Zurita},
title="Elaborar podcast en audio, para la lengua francesa a nivel b{\'{a}}sico, para los estudiantes de la Carrera de Turismo de la Universidad Mayor de San Sim{\'{o}}n (UMSS), tomando en cuenta el contexto cochabambino",
note="Universidad Mayor de San Sim{\'{o}}n",
year={2015}
}
@unpublished{AFSTVV2015,
author="Acu{\~{n}}a and Fernandez and Torrico and Villanueva and Vino",
title="Elaborar un Podcast como recurso multimedia que promueva el aprendizaje autorregulado del Ingles contribuyendo al desarrollo
	de la competencia comunicativa, asi como de la comprensi{\'{o}}n y producci{\'{o}}n oral para estudiantes Universitarios y P{\'{u}}blico en general
	de nivel b{\'{a}}sico",
note="Universidad Mayor de San Sim{\'{o}}n",
year={2015}
}

@unpublished{CCZ2015,
	author={Castro and Coca and Zapata},
	title="Elaborar material educativo multimedia en Podcast para contribuir al aprendizaje autorregulado de la lengua quechua en nivel
	b{\'{a}}sico para funcionarios de las aeas de Salud y Comunicaci{\'{o}}n Social del contexto Cochabambino",
	note="Universidad Mayor de San Sim{\'{o}}n",
	year={2015}

}

@unpublished{CGL2015,
	author={Galarza and Cossio and Luna},
	title="Producir recursos multimedia (Podcat-Video) basado en la teor{\'{i}}a del conectivismo para el aprendizaje autorregulado de la fon{\'{e}}tica Quechua en un nivel basico para los estudiantes de la Carrera de LAEL",
	note="Universidad Mayor de San Sim{\'{o}}n",
	year={2015}
}
@misc{zeki2004rss,
  title={What is RSS and How can it Serve Libraries},
  author={Zeki, C},
  year={2004},
  publisher={Istanbul Technical University, Istanbul}
}
@article{nottingham2005atom,
  title={The atom syndication format},
  author={Nottingham and Mark and Sayre and Robert},
  year={2005}
}
@book{zervaas2007practical,
  title={Practical Web 2.0 Applications with PHP},
  author={Zervaas, Quentin},
  year={2007},
  publisher={Apress}
}
@book{reiersol2007php,
  title={Php In Action, Objects, Design, Agility},
  author={Reiersol, Dagfinn and Baker, Marcus and Shiflett, Chris},
  year={2007},
  publisher={Dreamtech Press}
}
@misc{ullman2013yii,
  title={The Yii Book: Developing Web Applications Using the Yii PHP Framework},
  author={Ullman, Larry},
  year={2013},
  publisher={Selfpublished}
}
@book{flanagan2006javascript,
  title={JavaScript: the definitive guide},
  author={Flanagan, David},
  year={2006},
  publisher={O'Reilly Media, Inc.}
}
@book{lindley2009jquery,
  title={jQuery Cookbook: Solutions \& Examples for jQuery Developers},
  author={Lindley, Cody},
  year={2009},
  publisher={O'Reilly Media, Inc.}
}
@book{spurlock2013bootstrap,
  title={Bootstrap},
  author={Spurlock, Jake},
  year={2013},
  publisher={O'Reilly Media, Inc.}
}
@book{wang2013definitive,
  title={The definitive guide to HTML5 WebSocket},
  author={Wang, Vanessa and Salim, Frank and Moskovits, Peter},
  volume={1},
  year={2013},
  publisher={Springer}
}
@misc{sommerville2011software,
  title={Software Engineering, Boston, Massachusetts: Pearson Education},
  author={Sommerville, I},
  year={2011},
  publisher={Inc}
}
@book{weyl2012s,
  title={What's New in CSS3},
  author={Weyl, Estelle},
  year={2012},
  publisher={O'Reilly Media, Inc.}
}
@book{chacon2009pro,
  title={Pro git},
  author={Chacon, Scott},
  year={2009},
  publisher={Apress}
}